2828 4920
191 275 267 346 720
701 290 857 340 monta.

192 460 324 545 plicibus
345 457 486 539 turgidis,
506 456 657 537 ovalibus,
680 458 762 519 3-6
778 456 986 538 pollicaribus,
1007 456 1078 520 basi
1099 461 1135 521 iu
1150 461 1290 542 stipitem
1306 460 1367 523 bre-

192 567 265 610 vem
287 545 461 608 contractis.
476 576 519 588 —
539 542 705 605 Dumontia
727 550 852 605 saccata
876 543 968 606 Grec.
985 575 1025 588 -
1048 545 1240 626 Halymenia
1256 557 1367 610 saccata

192 633 246 714 Ap.
269 633 361 712 Spec.
382 632 404 691 l.
426 649 458 710 p.
480 629 554 691 207.
584 660 624 673 -
661 628 760 690 Fueus
782 636 923 691 soccatus
949 629 1043 691 llam
1071 630 1151 693 lab.
1168 633 1246 695 stt.
1269 633 1368 714 Pipa.

193 720 329 781 sinistra.
346 750 385 760 -
407 714 582 776 Delesseria
605 721 728 776 saccata
750 713 894 776 Lomoor.
915 715 983 778 lies.
1005 733 1038 796 p.
1053 717 1106 777 38.
1124 748 1166 762 -
1190 717 1274 781 Ulva
1295 720 1368 799 glau-

194 803 333 865 diformis
359 798 450 863 Gmcl.
477 801 552 862 llist.
574 801 647 860 Fue.
669 819 701 880 p.
717 800 789 862 232.
816 832 860 846 -
895 800 929 861 ln
951 817 1070 863 ooeauo
1092 801 1232 882 pacifico
1253 813 1368 886 septen-

194 887 325 952 trionali.
349 886 387 963 (v.
410 886 446 961 s.)

260 974 307 1049 40)
328 976 365 1030 D.
387 974 504 1030 clava.
532 972 613 1032 Post.
636 980 668 1032 et
683 971 779 1051 liupr.
801 971 821 1031 l.
838 989 864 1032 e.
878 1004 922 1017 ·-
942 972 979 1032 D.
1001 971 1135 1034 saeculis
1157 973 1367 1037 clavaelormi-

193 1060 254 1122 bus
275 1057 434 1134 coriaceis,
457 1057 546 1118 siccis
563 1055 690 1118 sordide
712 1056 965 1136 flavescentibus,
988 1056 1202 1138 simplicibus,
1225 1061 1367 1141 s-apol-

192 1142 351 1221 licaribus,
378 1140 482 1203 medio
505 1142 537 1201 in
559 1142 695 1221 stipitem
719 1141 896 1203 tubulosum
919 1143 1099 1222 angustatis.
1124 1177 1169 1189 -
1208 1147 1245 1207 ln
1269 1145 1366 1208 eodem

192 1227 490 1389 beolagan'bma.
527 1314 607 1375 Post.
633 1320 665 1374 et
686 1313 783 1394 liupr.
805 1312 825 1373 l.
847 1331 872 1373 c.
896 1311 972 1374 Tab.
986 1313 1108 1376 XXXV.
1132 1314 1199 1396 Fig.
1216 1317 1252 1377 B.
1276 1348 1314 1362 -
1339 1318 1366 1377 D.

193 1399 324 1465 sacculis
347 1397 544 1479 pergamenis
566 1398 720 1475 violaceis,
743 1397 948 1459 exsiccatione
967 1399 1228 1464 luscescentibus
1249 1402 1298 1464 vel
1312 1420 1365 1464 sor·

194 1485 268 1548 dide
289 1483 530 1560 virescentibus,
558 1482 768 1563 simplicibus,
795 1482 954 1545 interdum
977 1485 1127 1565 gregaria
1149 1486 1365 1551 vetustioribus

193 1569 413 1646 insidentibuS,
436 1568 578 1647 collapsis
601 1577 632 1630 et
652 1567 912 1650 subcompressis,
935 1567 1298 1652 eboraco-spathulaus,
1318 1574 1364 1633 t-

195 1653 446 1802 bpollicaribus,
469 1653 537 1715 basi
560 1654 676 1715 sensim
698 1655 732 1716 in
753 1655 889 1735 stipitem
912 1654 1091 1717 attenuatis.
1118 1688 1161 1700 -
1185 1657 1269 1720 Cum
1288 1672 1365 1740 prae

194 1760 229 1803 ce
254 1741 387 1802 entibus.
1223 1792 1228 1802 .

301 1827 328 1904 β.
349 1830 387 1884 D.
406 1827 577 1884 tlbrlllosa.
609 1826 690 1886 Post.
713 1833 746 1887 et
767 1825 864 1906 liupr.
887 1825 906 1886 l.
932 1845 959 1888 r.
982 1856 1022 1870 ·-
1045 1825 1081 1885 D.
1107 1827 1247 1890 sacculis
1270 1827 1363 1891 adultis

236 1913 403 1993 profiteris,
433 1909 593 1972 sobolibus
615 1909 859 1989 sublinearibus,
887 1909 1056 1988 tubulosis,
1078 1909 1362 1976 chartaceo-meu·

235 1997 409 2074 branaceis,
431 1994 587 2058 interdum
609 1994 802 2075 dichotomis,
825 1996 913 2077 apice
929 1994 1099 2059 librillosis.
1117 2030 1160 2043 -
1185 1999 1268 2063 Cum
1287 2016 1360 2081 prae-

234 2082 429 2145 cedentibus.

259 2169 308 2246 ts)
329 2173 367 2227 D.
388 2169 541 2226 tucioola.
576 2168 658 2229 Post.
683 2174 716 2228 et
736 2168 833 2247 liupr.
856 2168 876 2228 l.
897 2186 924 2228 c.
950 2166 1025 2229 aab.
1043 2167 1173 2232 XXXV.
1197 2171 1263 2251 sig.
1280 2167 1313 2231 l.
1331 2197 1359 2210 -

194 2257 229 2314 Ι).
245 2254 376 2314 sacculis
392 2251 648 2331 membranaceis,
670 2252 823 2330 violaceis,
844 2251 1048 2334 simplicibus,
1065 2252 1359 2333 obovato-oblougis,

196 2339 277 2398 t-s
292 2335 501 2416 pollicaribus,
522 2336 593 2398 basi
615 2339 648 2398 iu
664 2338 800 2418 stipitem
816 2337 945 2400 brevem
965 2337 1116 2400 linealem
1138 2341 1316 2402 conuectis
1328 2366 1359 2381 -

192 2423 226 2482 ln
248 2424 328 2482 luco
352 2420 524 2481 vesiculoso
547 2420 588 2483 ad
610 2422 669 2482 ins.
691 2422 795 2484 Sitcha
817 2424 991 2504 parasitica.
1014 2422 1055 2498 (u.
1076 2424 1122 2501 v.)

260 2507 307 2581 43)
329 2508 584 2577 nummatam
614 2508 695 2568 Post.
720 2517 752 2570 et
766 2509 863 2589 liupr.
885 2509 905 2569 l.
921 2527 947 2569 o.
970 2506 1047 2570 lab.
1063 2509 1191 2572 LXXV.
1215 2510 1359 2592 siga.-

192 2593 228 2652 D.
244 2590 374 2653 sacculis
389 2589 647 2670 membranaceis,
670 2593 826 2672 violaceis,
847 2592 1050 2673 simplicibus,
1072 2593 1209 2675 oblique
1229 2594 1360 2666 cunculis

194 2675 468 2825 ppioglbianpipus,
490 2677 598 2822 rlprius¹
614 2678 727 2777 clausis
749 2686 781 2740 et
803 2678 959 2826 phopaltim
982 2679 1122 2825 piurimis
1144 2681 1198 2742 vel
1222 2677 1361 2822 interduffi

192 2780 509 2910 Rhodobblglaalllbsrice
522 2780 572 2908 aascl
590 2772 781 2911 ¹ilbssuspibtcelllal
800 2782 984 2927 parasitrpga
997 2782 1048 2924 gn
1062 2774 1260 2924 abimum

258 2935 306 3010 tt)
328 2938 366 2990 n.
386 2938 554 2991 coronata.
590 2934 670 2994 Post.
695 2943 725 2996 et
747 2934 844 3014 liupr.
867 2935 887 2995 l.
907 2954 932 2995 c.
956 2933 1031 2995 Tab.
1046 2934 1174 2998 XXXV.
1199 2938 1263 3017 sig.
1278 2937 1311 2995 D.
1330 2964 1362 2976 -

192 3019 226 3079 D.
249 3018 411 3080 sobolibus
433 3017 708 3097 bursaeiormibus,
729 3018 910 3098 chartaceis,
932 3020 1196 3100 lassescentibus,
1222 3024 1242 3082 3
1260 3017 1364 3083 lineali

192 3103 262 3182 bus,
285 3103 437 3182 obovatis,
459 3104 583 3181 inflatis,
606 3105 694 3183 apice
717 3112 873 3166 contracto
890 3105 971 3166 3-6
984 3102 1115 3166 dentato
1132 3106 1285 3186 pertusis,
1305 3105 1364 3167 bsai

191 3190 223 3250 in
246 3189 381 3269 stipitem
405 3188 549 3251 linealem
573 3191 809 3250 attenuatis-
833 3190 916 3250 Inter
938 3189 1023 3270 algas
1046 3190 1078 3249 iu
1102 3209 1227 3254 oceano
1249 3188 1364 3272 pacifico

192 3275 298 3334 lectas.
322 3275 359 3347 (n.
383 3294 412 3333 v.

259 3358 305 3432 lb)
328 3362 364 3414 u.
385 3274 600 3418 sabbariensis.
627 3361 722 3423 Most.
745 3361 787 3422 Fl.
811 3379 915 3423 canar.
938 3360 1042 3441 Crypt.
1065 3362 1189 3440 ptos.
1209 3395 1251 3407 -
1271 3358 1365 3422 usti·

191 3443 256 3520 pite
279 3441 460 3503 abbreviato
483 3442 628 3523 bilineali,
649 3447 681 3506 in
703 3447 842 3508 sacculos
863 3445 972 3527 plures
986 3444 1093 3506 inflato
1113 3443 1365 3526 cylindrieosob-

192 3535 316 3604 ovatos,
345 3528 428 3588 intus
450 3548 559 3606 cavos,
593 3531 750 3612 simplices
773 3540 826 3592 aut
847 3549 952 3592 ramos
980 3531 1162 3593 conformes
1187 3534 1365 3599 emittentes

193 3608 233 3671 9¹⁶
254 3612 370 3693 longos
394 3646 434 3656 —
456 3613 505 3675 nd
528 3616 688 3677 Canarias.
712 3617 751 3692 (n.
767 3618 806 3693 v.)

654 3751 775 3831 Species
798 3749 901 3812 dabie.

256 3870 569 3945 lo)tt.1.opechtnt
604 3867 694 3930 anat.
717 3902 760 3914 —
788 3870 823 3929 D.
846 3868 979 3931 saeculis
1002 3869 1177 3949 elongatis,
1208 3870 1362 3934 latioribus

192 3955 280 4032 apice
303 3954 422 4014 obtusis
444 3955 496 4014 vel
517 3954 655 4031 clavatis,
680 3972 742 4016 non
765 3955 815 4017 vel
836 3972 931 4035 parce
954 3962 985 4016 et
1005 3952 1361 4039 abbreviato-prolisores·

191 4070 230 4082 -·
253 4040 354 4102 Fucus
377 4038 539 4099 tubulosus
561 4038 709 4119 lepccltio
730 4042 750 4101 l.
767 4060 792 4101 o.
816 4039 954 4102 sabao.
973 4072 1010 4085 -
1036 4041 1121 4103 Post.
1143 4052 1179 4105 et
1195 4044 1293 4123 liupr.
1312 4039 1328 4099 l.
1341 4055 1361 4094 c·

191 4140 222 4199 p.
241 4124 288 4183 l9.
313 4124 406 4183 -ln
431 4125 506 4186 mari
530 4124 609 4185 albo.
634 4125 674 4200 (n.
698 4127 736 4201 v.)
