2812 5340
504 1586 894 1694 PRAEFATIO.

110 1895 351 2022 praeterlapsis
380 1935 450 2022 jam
485 1954 559 2003 cum
593 1934 769 2026 «Algamm
804 1935 1008 2028 systemate»
1045 1957 1064 2002 a
1098 1937 1135 2006 cl.
1176 1937 1287 2007 Gurolo

112 2032 274 2124 Apordlrio
293 2034 396 2113 edito,
421 2034 584 2106 decenniis
602 2036 732 2107 duobus
749 2046 782 2107 et
798 2038 944 2119 dimidio,
969 2049 1036 2107 tam
1052 2040 1217 2108 immensis
1234 2041 1288 2109 Al·

111 2159 226 2228 garum
245 2137 378 2207 historia
394 2139 546 2207 naturalis
568 2140 739 2209 increbruit
755 2143 948 2234 augmentis,
972 2139 1073 2215 uthis
1095 2141 1192 2232 plane
1208 2165 1289 2234 prao

113 2242 248 2309 caeteris
272 2239 395 2310 eluceat
418 2242 557 2334 novique
588 2254 761 2335 proventus
787 2244 933 2336 stirpium
958 2264 1044 2313 nunc
1069 2244 1200 2313 demum
1228 2249 1287 2315 rite

113 2345 310 2434 cognitarum
328 2344 512 2413 ulteriorem
531 2348 804 2416 enumerationem
816 2349 953 2438 graviter
966 2368 1142 2437 exposcere
1157 2334 1288 2417 ridean-

113 2457 172 2513 tur.
211 2448 267 2514 llis
286 2469 420 2539 quoquo
437 2447 527 2527 mihi,
552 2451 604 2517 cui
621 2450 772 2541 bigarum
789 2450 929 2540 cognitio
951 2471 971 2515 a
987 2450 1098 2538 primis
1115 2448 1211 2516 veluti
1227 2472 1287 2515 un-

116 2549 247 2639 guiculis
272 2551 305 2616 in
331 2549 449 2618 deliciis
474 2551 544 2631 luit,
576 2551 759 2633 desideriis,
790 2554 844 2642 pia
865 2552 989 2619 dudum
1016 2553 1086 2640 jam
1109 2552 1289 2621 adriserunt

115 2662 185 2720 vota
203 2663 370 2744 totumque
388 2655 526 2720 animum
552 2656 594 2722 ita
616 2655 741 2746 interim
759 2653 986 2733 refocillarunt,
1011 2656 1142 2722 ulmeis
1160 2658 1288 2745 potissi-

117 2778 278 2845 mamper
302 2757 432 2824 totidem
450 2757 517 2824 lere
541 2780 644 2827 annos
662 2759 774 2827 studiis
798 2758 985 2828 continuatis
1002 2779 1100 2847 opus,
1126 2769 1191 2826 tum
1211 2781 1286 2850 spc-

117 2860 234 2925 riorum
259 2858 456 2949 singularum
479 2862 666 2951 cognitioni,
692 2873 759 2930 tum
783 2864 963 2954 systematis
988 2861 1087 2928 ordini
1108 2882 1286 2952 congruum

119 2974 144 3026 et
161 2962 201 3029 ad
228 2964 344 3050 stirpes
362 2963 600 3053 distinguendas
618 2965 713 3032 veluti
729 2965 846 3033 sactum
864 2987 917 3033 me
936 2973 1067 3032 auctore
1090 2963 1285 3032 exhibeatur.

189 3065 238 3132 ald
265 3065 479 3134 discutiendas
507 3069 614 3155 operis
640 3077 706 3151 tarn
737 3069 829 3136 ardui
856 3067 1070 3145 difficultates,
1102 3068 1286 3135 deterritum

120 3166 335 3256 quadantenus
360 3169 502 3236 animuin
527 3171 738 3239 revivixerunt
767 3192 934 3262 novasque
965 3171 1058 3261 quasi
1083 3171 1165 3237 vires
1196 3170 1287 3237 addi-

121 3269 227 3336 dcrunt
250 3271 384 3338 aliorum
402 3273 545 3340 virorum
570 3275 762 3362 sponsiones
787 3273 930 3361 privatim
954 3270 1111 3336 exhibitae
1128 3281 1160 3336 et
1176 3280 1287 3336 aueto-

122 3372 217 3440 ritates
244 3374 411 3441 classicae:
447 3378 540 3442 ab.
566 3378 705 3443 Hoolrerr'
733 3374 898 3451 nimirum,
930 3372 1086 3458 Haroeyr',
1116 3371 1287 3459 Berlscleyr',

126 3476 247 3564 ltolssr't',
276 3479 416 3553 Diclct'er',
440 3477 629 3568 anglorum,
658 3477 689 3544 0.
713 3477 893 3564 Morrtoprtcr'
915 3494 1026 3564 porro,
1053 3475 1286 3549 Lenoratoodir',

127 3576 163 3643 lte
179 3580 388 3655 Βνέὺίεεοηιϊ,
406 3578 581 3658 Gallorum,
600 3582 728 3668 Pcppcr’
743 3579 882 3669 denique
900 3577 1017 3666 patrui,
1038 3597 1122 3643 nunc
1138 3577 1285 3656 Africani,

127 3679 226 3757 linirii,
245 3681 380 3747 Bindert'
396 3691 427 3747 et
442 3682 584 3758 Sonderr‘,
602 3681 845 3749 observatorum
862 3680 1052 3748 auctoritatis
1071 3681 1285 3770 gravissimae,

127 3778 214 3871 iisque
233 3795 264 3850 et
281 3783 351 3849 aliis
369 3783 505 3851 ducibus
530 3785 560 3850 in
579 3783 641 3851 lroc
657 3805 758 3874 opere
780 3784 849 3851 suis
866 3783 947 3850 locis
963 3782 1112 3863 laudatis,
1136 3783 1187 3850 vel
1204 3782 1287 3851 diffi-

127 3882 259 3952 cillimam
277 3896 401 3974 partem
419 3885 460 3953 de
478 3888 622 3975 stirpium
639 3888 809 3955 extorrium
828 3886 1008 3974 cognitione
1025 3893 1099 3964 rata,
1117 3884 1204 3953 bona
1222 3886 1287 3951 lide

129 3985 226 4077 reliqui
250 4009 431 4079 eorumque
457 3990 570 4078 partim
596 3989 887 4067 observationibus,
912 3988 1028 4077 partim
1051 3989 1131 4055 meis
1154 3990 1286 4065 innixus,

130 4085 244 4172 Species
263 4112 353 4158 meas
372 4091 521 4182 algarum
542 4092 584 4159 ad
601 4092 720 4160 calcem
738 4093 869 4160 demum
888 4091 1030 4178 perduxi.

192 4194 246 4259 llis
278 4193 409 4284 quidem
441 4196 620 4262 amicorum
646 4195 843 4263 adminiculis
874 4202 905 4260 et
934 4194 1065 4282 proprio
1094 4201 1286 4258 sustentatus

130 4292 232 4374 studio,
258 4297 349 4384 operi
368 4317 440 4363 meo
459 4319 577 4365 nomen
596 4319 680 4365 nunc
698 4299 776 4365 darc
794 4296 936 4374 mallem,
959 4298 989 4361 in
1009 4316 1073 4384 quo
1093 4314 1205 4360 omnes
1224 4293 1286 4358 sci-

129 4387 186 4459 licet
202 4419 285 4465 nunc
303 4400 431 4489 quidem
451 4409 545 4468 notae
563 4400 713 4489 algarum
731 4402 863 4488 stirpes,
890 4420 954 4465 non
972 4397 1076 4465 solum
1102 4395 1198 4463 titulis
1214 4394 1287 4462 fidis

129 4503 154 4558 tl
168 4498 332 4589 systemati
351 4505 501 4592 congruis
519 4512 759 4583 enumerentur,
778 4502 836 4569 sed
855 4521 1002 4591 quoque,
1021 4498 1128 4566 relicta
1145 4509 1176 4567 et
1192 4499 1287 4567 veluti

127 4602 277 4686 repudiata
298 4605 330 4673 C.
349 4607 505 4695 Agnrdln'i
522 4606 688 4686 methodo,
712 4608 780 4674 suis
798 4605 939 4671 numeris
957 4603 1121 4672 absolutae
1139 4603 1287 4692 notisque

126 4710 154 4763 ut
168 4703 204 4770 ita
223 4706 337 4786 dicam,
356 4708 579 4777 essentialibus
597 4707 876 4800 recognoscendae
894 4707 1100 4774 traderentur.
1132 4707 1198 4772 Nec
1216 4706 1287 4795 qui-

125 4801 189 4871 dem
207 4809 284 4888 alio,
311 4811 361 4878 vel
378 4810 442 4878 hoc
458 4813 659 4901 potissimum
679 4814 786 4879 animo
804 4813 956 4896 «Species
975 4812 1150 4898 Alpes-uma
1168 4825 1288 4872 nunee

121 4928 210 4976 manu
227 4913 331 4991 mitto,
356 4923 389 4980 ut
414 4915 450 4981 iis
469 4914 605 4983 ducibus
623 4915 736 4982 saltem
754 4913 934 5004 specierum
956 4912 1151 5002 singularum
1170 4903 1289 4994 signifi*
