2812 5340
112 284 188 358 ηδ
636 294 761 343 tunm.

179 471 229 543 25)
258 469 420 525 tanate
464 466 545 527 Post.
568 472 599 525 et
621 463 719 542 liupr.
740 462 760 523 l.
781 480 810 523 c.
840 492 879 505 -
916 459 1166 543 bpbyllomate
1186 480 1286 537 crasso,

114 552 226 636 plano,
247 550 546 630 obeunte-oblongo,
569 547 781 628 irregulariter
801 544 1042 610 lebate-inciso
1063 549 1121 611 vel
1141 547 1229 623 fisso3
1248 565 1286 609 se

117 641 252 721 gmentis
265 638 415 718 puniceis,
433 635 549 716 ubique
565 634 770 696 minutissime
783 629 1138 714 pellucido-punctatis,
1156 634 1286 714 insequa-

116 725 215 802 libus,
241 725 327 803 apice
349 723 484 799 obtusis,
506 719 697 797 rotundatis,
722 718 865 799 margine
884 717 1109 799 integerrimis
1131 720 1185 781 vel
1203 716 1287 781 unde

116 810 341 873 lato-sinuosis.
365 840 404 853 -
427 806 477 869 nd
497 806 587 867 litora
608 804 844 867 llamtsebatica.

180 895 230 968 so)
251 898 275 951 1.
295 897 441 967 phmte
474 894 554 953 Post.
576 898 609 951 et
630 891 728 970 liripr.
750 889 770 951 l.
793 907 821 950 c.
843 919 883 932 -
911 888 935 949 l.
956 888 1165 970 pbyllomate
1185 890 1288 952 eberta-

115 999 171 1042 cco
194 981 367 1041 incrassato
387 977 497 1039 lineari
518 975 700 1056 regulariter
720 972 1004 1053 bi-tripinnato,
1028 994 1215 1059 purpuram
1232 975 1288 1057 pie

116 1064 165 1125 nis
187 1065 384 1144 pinnulisquc
406 1061 593 1138 linearibus,
614 1058 807 1136 divaricatis,
826 1056 878 1119 bis
900 1060 1068 1139 angustis,
1091 1062 1235 1142 margine
1251 1063 1287 1121 ie

117 1149 300 1229 tegerrimis,
323 1148 371 1207 rel
392 1145 656 1226 cibato-pinnatis.
671 1177 712 1187 —
734 1144 768 1204 ln
790 1142 862 1204 sinu
881 1142 1012 1205 Norlolk
1036 1144 1081 1206 ad
1104 1147 1198 1208 litora
1211 1145 1286 1207 Ant-

117 1234 199 1295 ricae
221 1230 564 1293 boreali-occidentalis.
602 1228 664 1305 (An
685 1227 776 1307 hujus
798 1227 960 1307 generisi)

181 1319 232 1391 27)
253 1320 277 1372 1.
297 1319 442 1374 sociatis
472 1317 553 1377 Post.
577 1324 610 1376 et
624 1316 721 1394 liupr.
743 1313 763 1373 l.
777 1332 857 1373 c.-
879 1312 901 1373 l.
923 1311 1129 1393 pbyllomate
1154 1316 1284 1378 oliraoeo

116 1401 219 1479 viridi,
242 1400 682 1481 gelatinoso-membranaceo,
704 1398 912 1459 exsiccatione
932 1399 1093 1478 eorieceo,
1115 1401 1220 1481 plano,
1238 1400 1285 1461 lete

117 1494 250 1547 cuneata
272 1495 304 1547 et
326 1485 394 1547 basi
416 1487 448 1547 in
469 1486 604 1565 stipitem
628 1481 827 1564 cylindricnm
842 1490 1019 1559 auenuato,
1042 1485 1233 1568 plerumque
1249 1484 1285 1544 bi-

116 1571 244 1650 partito,
274 1573 412 1651 margine
435 1571 651 1649 integerrimo;
681 1568 853 1650 segmentis
872 1567 1009 1648 integris
1036 1571 1090 1632 vel
1113 1572 1227 1634 iterum
1249 1568 1284 1630 bi-

115 1657 248 1736 partitis.
273 1689 312 1699 —
334 1656 368 1716 ln
391 1672 507 1716 occano
528 1652 655 1735 pacifico
677 1652 922 1733 septentrionali.
956 1655 1060 1736 Long.
1085 1656 1262 1737 lpollicaris

180 1741 231 1816 28)
253 1743 277 1796 L
298 1743 433 1798 tabrtca.
463 1740 519 1819 Kp.
541 1770 576 1782 -
599 1740 620 1798 l.
643 1739 821 1818 gelatinosa,
842 1735 905 1800 late
928 1739 1074 1818 loliaoea,
1097 1738 1282 1809 subrotmta

116 1824 186 1887 bnsi
207 1823 412 1902 subcordato,
441 1824 583 1904 margine
606 1823 816 1904 irregulariter
835 1822 928 1901 lissa,
956 1822 1036 1886 binc
1058 1826 1140 1889 inde
1162 1835 1282 1909 pertusti

116 1909 797 2076 {tttlltllittffitttttl'llt
824 1908 1282 2074 mititait‘lrlsst

117 2016 269 2162 liggensb.
285 2082 329 2143 Fl.
354 2082 444 2142 l8l0.
467 2100 497 2160 p.
509 2080 582 2140 276.
596 2113 640 2123 -—
660 2077 709 2139 ad
730 2095 803 2141 oras
824 2079 948 2141 Airicae
970 2079 1204 2146 meridionalis.
1221 2081 1281 2157 (ss

118 2167 150 2225 in
170 2167 238 2228 coll.
261 2165 388 2228 Br'ndcr.

181 2252 231 2325 29)
254 2254 278 2307 Ι.
299 2168 494 2310 mentiturae.
524 2248 618 2311 Hoolc.
642 2258 673 2312 et
687 2251 786 2312 Horo.
809 2248 907 2311 Lond.
929 2252 1045 2313 Journ.
1072 2253 1169 2315 tels.
1188 2272 1218 2334 p.
1227 2250 1281 2311 tot

118 2365 157 2377 -
180 2333 201 2392 l.
223 2335 328 2412 stipite
357 2334 445 2395 brevi
472 2336 670 2415 cartilagineo
700 2352 772 2396 mox
799 2341 929 2396 mueato
957 2335 1086 2399 lurcato
1107 2337 1160 2400 vel
1187 2337 1282 2418 ptine

116 2413 291 2477 dicbotomo
312 2421 428 2479 sensim
455 2420 487 2479 in
509 2418 665 2500 pbylloma
694 2419 968 2481 membranaceum
994 2423 1107 2503 ample
1135 2430 1281 2485 cuneattuo

117 2500 167 2560 vcl
188 2498 355 2563 obovatum
379 2502 551 2582 desinente,
573 2506 742 2585 segmentis
763 2504 814 2568 vel
832 2502 1082 2583 simplicissimis
1102 2508 1229 2589 integris
1245 2502 1280 2565 rel

117 2586 243 2647 turcatis
264 2587 312 2648 rel
335 2587 524 2664 diebotomis,
550 2588 590 2649 ad
612 2590 780 2670 marginem
802 2586 1003 2652 denticulatis
1026 2593 1081 2654 vel
1099 2589 1280 2675 grossedon

117 2671 204 2749 tatis,
232 2672 283 2733 vel
306 2672 435 2751 lobatis,
466 2674 517 2735 vel
539 2694 620 2735 nova
642 2674 830 2755 pbyllomata
852 2674 1086 2738 emittentibus.
1124 2674 1279 2740 Substantia

117 2758 219 2819 tenuis
240 2759 343 2819 nitens
370 2758 486 2819 lubrica
513 2758 640 2820 demum
669 2761 868 2839 cystocarpiis
893 2759 1062 2822 immersis
1084 2759 1279 2825 numerosiss-

118 2843 175 2904 rnis
196 2862 372 2905 verrucosa.
396 2877 434 2887 —
458 2843 631 2905 Fallrland's
653 2842 781 2905 islands.
805 2877 845 2888 -
865 2842 923 2905 An.
947 2863 1017 2906 var.
1045 2849 1085 2909 lr.
1108 2845 1259 2910 micantis?

182 2928 231 3003 30)
253 2932 277 2984 1.
298 2933 452 2988 enovata.
484 2931 538 3010 lig.
564 2962 603 2973 —
627 2928 647 2988 l.
670 2928 857 3009 phyllomate
879 2928 1036 2991 latissime
1061 2933 1210 3008 obor'ato,
1228 2928 1279 2991 bari

117 3013 176 3073 cito
199 3021 366 3090 attenuato,
389 3015 420 3074 in
442 3015 576 3093 stipitem
599 3014 727 3074 brevem
749 3012 983 3075 teretiusculum
998 3017 1177 3095 producto;
1198 3023 1279 3096 cyste-

115 3098 229 3177 carpiis
239 3106 357 3158 remote
369 3100 497 3177 sparsis.
520 3098 700 3159 Substantia
711 3097 954 3159 membranacea
970 3102 1190 3182 cartilaginea.
1210 3097 1279 3161 Color

115 3198 304 3260 purpureus.
337 3183 498 3242 Structura
521 3184 798 3264 perencbymatica.
816 3216 854 3227 -
877 3179 926 3242 sd
942 3183 1010 3264 Cap
1028 3187 1128 3249 llorn.
1152 3189 1188 3263 [v.
1207 3185 1279 3259 s.)-

116 3265 207 3341 Spec.
231 3264 317 3326 dedit
336 3266 372 3325 cl.
395 3269 420 3324 J.
445 3269 482 3325 D.
507 3267 633 3328 Ilooirer.

180 3348 230 3421 st)
252 3352 275 3404 1.
290 3352 465 3419 decipiens
495 3349 588 3410 Hooir.
599 3352 640 3411 fil.
655 3362 687 3414 ct
701 3355 799 3414 Here.
816 3350 910 3413 lond.
925 3355 1041 3415 ioum.
1069 3359 1164 3420 4845.
1186 3377 1215 3438 p.
1224 3348 1278 3415 dli·

118 3462 156 3475 -
179 3430 199 3487 l.
222 3431 347 3509 pusilla;
375 3432 565 3511 phyllomate
588 3437 786 3515 cartilagineo
808 3438 947 3515 stipitato
970 3438 1188 3504 ssabcllilormi
1207 3439 1278 3520 plano

116 3512 309 3591 dichotomo,
344 3515 461 3578 laciniis
494 3520 633 3581 cuneatis
664 3520 781 3598 pluries
814 3521 940 3582 iureatis
975 3523 1104 3588 ultimis
1134 3521 1279 3608 angustasti

115 3597 285 3660 linearibus
309 3602 420 3679 acutiS,
451 3603 551 3665 axillis
573 3603 758 3680 rotundatis,
787 3606 926 3684 margine
948 3623 1040 3670 nunc
1068 3613 1199 3693 simplici
1217 3622 1279 3668 nunc

116 3693 256 3746 ramento
280 3684 406 3747 linearia
431 3689 582 3768 simplicia
604 3689 756 3768 pinnatim
771 3688 938 3765 emittente,
964 3693 1130 3760 fructibus
1144 3715 1216 3759 nune
1228 3706 1278 3752 mt-

115 3769 354 3832 oulaclormibus
378 3775 552 3834 numerosis
573 3793 630 3851 per
652 3783 745 3834 totam
761 3772 909 3833 laminam
928 3778 1057 3854 sparsis
1082 3782 1217 3865 ellipticis
1232 3773 1277 3834 ⁰¹l

115 3852 263 3933 longisve,
287 3874 369 3918 nunc
391 3859 422 3918 in
445 3858 584 3919 verrucis
606 3857 788 3919 umbilicatis
810 3856 850 3917 ad
865 3858 971 3936 apices
994 3877 1209 3929 ramentorum
1225 3875 1277 3921 see

114 3938 224 3999 sitibus
245 3940 406 4002 immersis.
431 3976 469 3986 —
492 3941 541 4004 Ad
564 3939 896 4004 Novam-Zociandiarn.

179 4023 227 4099 32)
250 4028 274 4081 1.
295 4029 437 4086 dentale.
473 4030 529 4109 Kq.
556 4061 594 4072 —
623 4029 643 4089 1.
668 4028 855 4108 phyllomstc
877 4025 926 4086 bi·
953 4041 1013 4091 aut
1035 4034 1160 4111 pluries
1181 4029 1277 4114 partit

112 4110 281 4184 segmentis
303 4110 372 4172 latis
387 4110 584 4191 palmatifidis
606 4121 659 4174 aut
672 4111 831 4187 laciniatis,
853 4109 922 4173 basi
944 4115 1092 4180 cordatis
1115 4122 1166 4181 vel
1186 4129 1277 4179 eun&

113 4187 162 4263 tis,
185 4189 302 4253 laciniis
324 4197 465 4275 margine
489 4198 697 4277 inaequaliter
719 4205 751 4257 et
765 4205 852 4256 acute
874 4194 1025 4261 dentatis.
1059 4204 1156 4265 Color
1170 4202 1276 4264 obstitit

111 4271 455 4368 violaceo-purpureus.
488 4281 667 4344 Substantia
689 4282 844 4357 coriacoa,
867 4280 967 4359 llrrna,
991 4289 1206 4369 cartilaginea·
1231 4280 1274 4356 cl'·

111 4360 433 4479 gpmarprajrnmcrsa
461 4367 723 4464 prestulaelormia.
761 4368 852 4444 Long.
877 4365 1010 4441 3-o‘¹;
1042 4371 1096 4433 lat.
1120 4371 1272 4434 laciniarffltt

115 4438 205 4507 ,vd
227 4482 233 4494 .
267 4442 427 4509 structura
444 4453 724 4533 percucbymatrca.
