2812 5340
225 299 265 367 t'l
733 311 900 358 enternuo.

229 485 328 562 catio,
360 481 554 570 diagnoseos
581 479 707 545 additae
728 480 817 567 jure,
848 480 917 544 sine
943 478 1003 545 alia
1029 499 1238 569 quacunque,
1271 481 1312 546 ab
1339 481 1402 546 alii*

231 585 421 663 auctoribus,
436 594 470 649 ut
483 582 609 661 assolet,
624 581 748 649 adnexa
763 580 959 669 paraphrasi,
974 591 1079 669 pateat
1093 592 1123 647 et
1137 582 1218 648 illico
1238 583 1398 651 illucescat

308 685 496 779 Systematis
514 687 608 763 ratio,
635 685 745 772 paucis
764 686 905 771 exceptis
923 684 1163 764 mutationibus,
1190 686 1306 752 eadem
1324 711 1406 753 num

230 795 263 859 in
287 788 478 879 «Speciebus
496 790 684 877 Alpem-tn»,
711 807 771 853 nec
796 787 865 852 sine
888 787 1017 864 timore,
1044 807 1142 878 quarn
1168 789 1200 852 in
1218 791 1406 879 Phycolopit

227 893 370 984 peuerell
394 893 495 958 fusius
513 892 680 980 professus
706 912 793 966 sum,
818 909 904 955 nunc
921 911 1051 979 quaque
1075 890 1156 957 redit
1173 912 1312 981 eamque
1331 895 1406 959 scits

230 1015 442 1086 perpensam,
471 1016 576 1084 neque
594 992 663 1061 aliis
681 992 834 1070 obtrudo,
861 991 909 1058 vel
929 993 1036 1080 potius
1059 994 1239 1059 continuato
1258 998 1402 1061 scrutini

231 1110 263 1167 et
280 1097 413 1164 aliorum
432 1096 579 1164 solertiae
598 1117 617 1162 a
633 1096 742 1163 limine
759 1095 951 1163 comnrendo
969 1115 1008 1162 ac
1025 1117 1083 1184 pro
1101 1095 1210 1162 lubitu.
1244 1099 1289 1165 Sit
1302 1100 1400 1186 potiu

231 1203 378 1293 Systema
402 1221 512 1266 meum
535 1200 660 1265 interim
683 1199 725 1266 ad
749 1196 884 1265 aliorum
909 1194 1052 1264 subsidia
1070 1200 1304 1279 concinnatum,
1332 1223 1392 1288 per

229 1306 321 1371 ricax
338 1314 443 1369 tamen
463 1312 493 1369 et
511 1303 632 1369 tamdiu
649 1303 837 1393 ingenuum,
856 1301 960 1367 donec
978 1321 1017 1367 ex
1036 1302 1104 1389 ejus
1122 1295 1253 1389 gremio,
1276 1316 1388 1390 poster

230 1408 338 1475 forsan
357 1415 475 1484 aetate,
502 1426 620 1472 novum
638 1416 669 1472 ct
686 1406 790 1493 aptius
809 1404 989 1471 diducatur!

309 1508 459 1596 stirpium
484 1508 629 1574 notiones
654 1526 831 1596 earumque
853 1506 1020 1596 dignitates
1045 1506 1158 1574 iisdem
1179 1518 1338 1575 caeterum
1358 1511 1405 1576 in-

231 1612 372 1677 nituntur
397 1612 590 1700 argumentis
621 1617 653 1676 et
675 1608 872 1689 conditione,
903 1617 971 1674 tum
997 1610 1028 1674 in
1055 1610 1244 1698 Pbycolopia
1269 1615 1398 1698 perreral

231 1712 241 1805 (
248 1736 279 1802 p.
297 1707 396 1804 xm),
422 1724 490 1778 turn
508 1713 538 1778 in
557 1712 747 1802 Phycoloyic
766 1712 948 1800 permanire
974 1711 1020 1803 (p.
1042 1709 1106 1799 33)
1133 1712 1284 1800 expositis
1303 1716 1401 1806 iisqu·

231 1816 353 1885 dudum
374 1815 441 1903 jam
465 1813 560 1882 veluti
583 1816 624 1883 ad
648 1814 796 1881 trutinam
820 1815 949 1881 coeatis.
993 1816 1061 1881 Nec
1086 1815 1164 1882 alias
1189 1838 1274 1883 nunc
1297 1818 1327 1883 in
1345 1816 1406 1883 ho·

230 1939 331 2008 opere
350 1916 510 2007 profiteor.

309 2021 558 2089 Observationes
584 2019 834 2108 microscopicao
860 2016 936 2087 olim
960 2030 991 2086 et
1013 2040 1113 2099 nunc,
1137 2019 1222 2087 haud
1241 2021 1309 2088 sine
1327 2032 1390 2088 tem

229 2125 317 2212 poris
335 2124 505 2212 dispendio
527 2121 569 2190 ad
595 2122 792 2213 singularum
816 2122 953 2211 partium
973 2122 1190 2192 dimensiones
1214 2126 1271 2190 n'te
1290 2127 1392 2191 consti

230 2224 365 2291 tuendas
384 2226 500 2306 iactae,
526 2244 610 2291 nunc
625 2224 713 2292 baud
739 2224 861 2313 ubique
886 2226 966 2291 inter
983 2245 1020 2291 se
1038 2244 1202 2315 congruae
1219 2228 1321 2306 visae,
1347 2229 1390 2293 ita

231 2348 295 2417 que
313 2337 418 2394 tamen
447 2347 530 2394 nunc
556 2336 735 2406 sumantur,
762 2336 797 2393 ut
814 2346 914 2394 novas
941 2328 971 2393 in
991 2326 1051 2394 boc
1069 2349 1168 2419 opere
1190 2340 1219 2396 ct
1238 2331 1406 2419 castigata

230 2429 425 2519 agnoverim.

306 2531 400 2597 Prela
418 2542 595 2608 caeterum,
619 2552 703 2598 anno
722 2539 858 2598 exeunte
876 2530 998 2599 dudum
1012 2533 1080 2622 jam
1097 2534 1129 2600 in
1148 2553 1248 2622 opere
1266 2533 1400 2602 finiend

230 2633 436 2712 desudantis,
471 2632 664 2701 calamitates
694 2643 827 2723 patruae
857 2654 930 2701 cum
962 2634 1242 2704 disturbationibus
1273 2638 1406 2726 politici

228 2737 485 2826 ingravescentes
503 2736 711 2817 retardarunt,
733 2757 793 2804 nec
810 2744 915 2804 tamen
933 2738 1042 2805 lorsan
1060 2741 1129 2806 sine
1147 2741 1277 2807 foenore
1296 2750 1327 2806 et
1345 2762 1405 2806 usu

227 2841 254 2905 J.
273 2840 430 2928 Apardllii
445 2841 552 2929 operis
577 2864 592 2903 «
602 2842 743 2928 Species,
766 2862 881 2927 ponera
900 2851 929 2906 et
946 2842 1071 2909 ordtires
1090 2843 1341 2910 Fucoidcorum»
1360 2845 1391 2910 in

226 2942 318 3008 terim
338 2940 413 3008 mibi
432 2941 595 3008 commissi
614 2942 720 3007 etrite
739 2940 876 3033 adhibiti.

304 3044 468 3109 Brevitatis
493 3044 607 3132 gratia,
633 3052 666 3108 ut
687 3064 759 3110 mos
782 3054 844 3119 est,
872 3042 971 3133 signis
995 3045 1026 3110 in
1051 3044 1112 3111 boc
1128 3067 1227 3135 opere
1252 3058 1283 3113 et
1300 3048 1396 3115 verbi.

227 3144 344 3210 mutilis
363 3145 573 3234 sequentibus
591 3144 658 3210 lere
675 3166 754 3211 usus
774 3166 864 3211 sum:

537 3261 562 3302 c.
587 3262 617 3303 v.
639 3271 684 3295 ==
706 3262 775 3304 cum
799 3245 921 3323 ragina.

535 3345 560 3387 s.
585 3349 613 3389 v.
638 3356 683 3381 =
703 3330 770 3390 sinc
791 3330 916 3409 vagina.

534 3431 562 3473 r.
585 3430 611 3473 s.
637 3440 680 3465 =
703 3412 766 3475 ridi
788 3415 900 3475 siccam
923 3412 1100 3495 (speciem).

535 3516 565 3556 v.
589 3517 617 3557 v.
639 3526 683 3549 =
704 3496 766 3560 vidi
790 3499 893 3561 vivam
917 3499 1088 3578 (speciem).

532 3598 563 3641 n.
586 3601 614 3641 v.
636 3611 680 3634 =
701 3601 764 3643 non
787 3582 860 3644 vidi.

557 3661 596 3725 pn
637 3693 681 3718 =
702 3666 783 3728 linea
804 3668 967 3747 parisiens.

559 3746 593 3809 l“
635 3778 680 3804 =
702 3752 806 3832 pollex
829 3753 847 3812 l.
870 3754 970 3814 uncia.
1025 3760 1037 3769 ·“

557 3832 584 3894 l'
637 3862 681 3888 ===
702 3856 768 3918 pes.

303 3959 426 4027 Dabam
446 3960 648 4036 Nordluaesce,
672 3960 701 4025 d.
725 3963 769 4027 td.
789 3960 954 4030 lt'oeemtr.
977 3962 1065 4028 teta.

1136 4166 1345 4247 AUCTOR.
